<record><leader>00000cas a22000007a 4500</leader><controlfield tag="001">10330570</controlfield><controlfield tag="008">840124d187018uuiluwr ne      0   a0eng d</controlfield><datafield ind1=" " ind2=" " tag="010"><subfield code="a">sn 84024026 </subfield></datafield><datafield ind1=" " ind2=" " tag="040"><subfield code="a">NPV</subfield><subfield code="b">eng</subfield><subfield code="c">NPV</subfield><subfield code="d">NVF</subfield><subfield code="d">CVF</subfield><subfield code="d">OCLCQ</subfield></datafield><datafield ind1=" " ind2=" " tag="042"><subfield code="a">msc</subfield></datafield><datafield ind1=" " ind2=" " tag="043"><subfield code="a">n-us-il</subfield></datafield><datafield ind1=" " ind2=" " tag="045"><subfield code="a">w7--</subfield></datafield><datafield ind1=" " ind2=" " tag="052"><subfield code="a">4103</subfield><subfield code="b">C7</subfield></datafield><datafield ind1="0" ind2="0" tag="245"><subfield code="a">Union Park banner.</subfield></datafield><datafield ind1=" " ind2=" " tag="260"><subfield code="a">West Chicago [Chicago, Ill.] :</subfield><subfield code="b">E.M. Turner &amp; Co.,</subfield><subfield code="c">1870-</subfield></datafield><datafield ind1=" " ind2=" " tag="300"><subfield code="a">v. ;</subfield><subfield code="c">61 cm.</subfield></datafield><datafield ind1=" " ind2=" " tag="310"><subfield code="a">Weekly, &lt;June 30,</subfield><subfield code="b">1877&gt;-</subfield></datafield><datafield ind1=" " ind2=" " tag="321"><subfield code="a">Monthly, Sept. 15,</subfield><subfield code="b">1870-&lt;Feb. 1874&gt;</subfield></datafield><datafield ind1="0" ind2=" " tag="362"><subfield code="a">Vol. 1, no. 1 (Sept. 15, 1870)-</subfield></datafield><datafield ind1=" " ind2="4" tag="651"><subfield code="a">Near West Side (Chicago, Ill.)</subfield><subfield code="v">Newspapers.</subfield></datafield><datafield ind1=" " ind2=" " tag="752"><subfield code="a">United States</subfield><subfield code="b">Illinois</subfield><subfield code="c">Cook</subfield><subfield code="d">Chicago.</subfield></datafield><datafield ind1=" " ind2=" " tag="752"><subfield code="a">United States</subfield><subfield code="b">Illinois</subfield><subfield code="c">Cook</subfield><subfield code="d">West Chicago.</subfield></datafield><datafield ind1="1" ind2=" " tag="029"><subfield code="a">AU@</subfield><subfield code="b">000020410753</subfield></datafield></record>